<?xml version="1.0" encoding="UTF-8"?><collection xmlns="http://www.loc.gov/MARC21/slim"><record><leader>00301nam--2200121-i-4500</leader><controlfield tag="001">000044184</controlfield><controlfield tag="002">20161230</controlfield><controlfield tag="005">20161230201044</controlfield><controlfield tag="008">060222s1000------------r-----000-0-eng-d</controlfield><datafield ind1=" " ind2=" " tag="080"><subfield code="a">539.125.5:621.039.512(061.3)</subfield></datafield><datafield ind1=" " ind2=" " tag="245"><subfield code="a">Pulsed neutron research</subfield></datafield><datafield ind1=" " ind2=" " tag="260"><subfield code="a">Vienna, I.A.E.A., 1965, 698p</subfield></datafield><datafield ind1=" " ind2=" " tag="852"><subfield code="a">22097</subfield></datafield></record></collection>